%% Created using Papers on Fri, 25 Oct 2013.
%% http://papersapp.com/papers/

@article{Kaufmann:2012uh,
author = {Kaufmann, Emilie and Capp{\'e}, Olivier and Garivier, Aur{\'e}lien},
title = {{On Bayesian upper confidence bounds for bandit problems}},
year = {2012},
pages = {592--600}
}

@techreport{DeNardi:2013wn,
author = {De Nardi, Renzo},
title = {{The QRSim Quadrotors Simulator}},
year = {2013}
}

@article{Stachniss:2008vz,
author = {Stachniss, Cyrill and Plagemann, Christian and Lilienthal, Achim J and Burgard, Wolfram},
title = {{Gas Distribution Modeling using Sparse Gaussian Process Mixture Models.}},
year = {2008}
}

@article{Chatzis:hr,
author = {Chatzis, S P and Demiris, Y},
title = {{Echo State Gaussian Process}},
journal = {IEEE Transactions on Neural Networks},
volume = {22},
number = {9},
pages = {1435--1445}
}

@article{Higdon:2002tx,
author = {Higdon, Dave},
title = {{Space and space-time modeling using process convolutions}},
year = {2002},
pages = {37--56}
}

@article{Singh:2006tt,
author = {Singh, Amarjeet and Krause, Andreas and Guestrin, Carlos and Kaiser, William and Batalin, Maxim},
title = {{Efficient Planning of Informative Paths for Multiple Robots}},
year = {2006},
pages = {1--8},
month = nov
}

@article{Krause:2007ww,
author = {Krause, Andreas and Guestrin, Carlos},
title = {{Near-optimal observation selection using submodular functions}},
year = {2007},
volume = {7},
pages = {1650--1654}
}

@article{Stranders:2008wl,
author = {Stranders, Ruben and Rogers, Alex and Jennings, Nick},
title = {{A decentralized, on-line coordination mechanism for monitoring spatial phenomena with mobile sensors}},
year = {2008}
}

@article{Stockie:2011fd,
author = {Stockie, John M},
title = {{The Mathematics of Atmospheric Dispersion Modeling}},
journal = {SIAM review},
year = {2011},
volume = {53},
number = {2},
pages = {349--372},
month = jan
}

@article{Rudoy:2006us,
author = {Rudoy, Daniel and Wolfe, Patrick J},
title = {{Monte Carlo methods for multi-modal distributions}},
year = {2006},
pages = {2019--2023}
}

@article{Herbrich:2002ue,
author = {Herbrich, Ralf and Lawrence, Neil D and Seeger, Matthias},
title = {{Fast sparse Gaussian process methods: The informative vector machine}},
year = {2002},
pages = {609--616}
}

@article{Snelson:2006vi,
author = {Snelson, Ed and Ghahramani, Zoubin},
title = {{Sparse Gaussian processes using pseudo-inputs}},
year = {2006}
}

@inproceedings{Wang:kz,
author = {Wang, Hua and Zhou, Yiming and Yang, Xianglong and Wang, Liren},
title = {{Plume Source Localizing in Different Distributions and Noise Types Based on WSN}},
booktitle = {2010 International Conference on Communications and Mobile Computing (CMC)},
pages = {63--66},
publisher = {IEEE}
}

@article{Tresp:2000wb,
author = {Tresp, Volker},
title = {{Mixtures of Gaussian processes}},
year = {2000},
pages = {654--660}
}

@article{PeterLepage:1978uh,
author = {Peter Lepage, G},
title = {{A new algorithm for adaptive multidimensional integration}},
journal = {Journal of Computational Physics},
year = {1978},
volume = {27},
number = {2},
pages = {192--203}
}

@article{Monroy:2012ug,
author = {Monroy, Javier G and Lilienthal, Achim and Blanco, Jose Luis and Gonz{\'a}lez-Jimenez, Javier and Trincavelli, Marco},
title = {{Calibration of MOX gas sensors in open sampling systems based on Gaussian Processes}},
year = {2012},
pages = {1--4}
}

@article{Tian:2005tw,
author = {Tian, Fengchun and Yang, Simon X and Dong, Kevin},
title = {{Circuit and noise analysis of odorant gas sensors in an E-nose}},
journal = {Sensors},
year = {2005},
volume = {5},
number = {1},
pages = {85--96}
}

@article{Anonymous:MfVSjWkh,
title = {{Advances in Neural Information Processing Systems 16}}
}

@article{Bernardo:1998tm,
author = {Bernardo, J M and Berger, J O and Dawid, A P and Smith, AFM},
title = {{Regression and classification using Gaussian process priors}},
year = {1998}
}

@book{Rasmussen:2006vz,
author = {Rasmussen, Carl Edward and Williams, Christopher K I},
title = {{Gaussian Processes for Machine Learning}},
publisher = {MIT Press},
year = {2006}
}

@article{Petersen:2008wc,
author = {Petersen, K.B. and Pedersen, M.S.},
title = {{The Matrix Cookbook. 2008}},
journal = {URL http://matrixcookbook. com},
year = {2008}
}

@phdthesis{MacDonald:2012uy,
author = {MacDonald, Kenneth Blake},
title = {{GPfit: A New R Package for Fitting Gaussian Process Models to Deterministic Simulators}},
school = {Acadia University},
year = {2012}
}

@phdthesis{Csato:2002ti,
author = {Csat{\'o}, Lehel},
title = {{Gaussian processes: iterative sparse approximations}},
school = {Aston University},
year = {2002}
}

@article{Sacks:1989cv,
author = {Sacks, Jerome and Welch, William J and Mitchell, Toby J and Wynn, Henry P},
title = {{Design and Analysis of Computer Experiments}},
journal = {Statistical Science},
year = {1989},
volume = {94},
number = {4},
pages = {409--423},
month = nov
}

@book{Cressie:1993uu,
author = {Cressie, Noel A C},
title = {{Statistics for spatial data}},
publisher = {Wiley-Interscience},
year = {1993}
}

@article{Booker:1999wz,
author = {Booker, Andrew J and Dennis, Jr, J E and Frank, Paul D and Serafini, David B and Torczon, Virginia and Trosset, Michael W},
title = {{A rigorous framework for optimization of expensive functions by surrogates}},
journal = {Structural optimization},
year = {1999},
volume = {17},
number = {1},
pages = {1--13}
}

@article{Gramacy:2008es,
author = {Gramacy, Robert B and Lee, Herbert K H},
title = {{Bayesian Treed Gaussian Process Models With an Application to Computer Modeling}},
journal = {Journal of the American Statistical Association},
year = {2008},
volume = {103},
number = {483},
pages = {1119--1130},
month = sep
}

@article{Neal:1997tj,
author = {Neal, Radford M},
title = {{Monte Carlo implementation of Gaussian process models for Bayesian regression and classification}},
journal = {arXiv preprint physics/9701026},
year = {1997}
}

@article{Ranjan:2011ez,
author = {Ranjan, Pritam and Haynes, Ronald and Karsten, Richard},
title = {{A Computationally Stable Approach to Gaussian Process Interpolation of Deterministic Computer Simulation Data}},
journal = {Technometrics},
year = {2011},
volume = {53},
number = {4},
pages = {366--378},
month = nov
}

@article{Bjorck:1994dz,
author = {Bj{\"o}rck, {\AA} and Park, H and Eld{\'e}n, L},
title = {{Accurate downdating of least squares solutions}},
journal = {SIAM Journal on Matrix Analysis and Applications},
year = {1994},
volume = {15},
number = {2},
pages = {549--568}
}

@proceedings{SparseGaussianProc:s0--Hm1G,
title = {{Sparse Gaussian Process Toolbox}}
}

@article{QuinoneroCandela:2005wp,
author = {Qui{\~n}onero-Candela, Joaquin and Rasmussen, Carl Edward},
title = {{A unifying view of sparse approximate Gaussian process regression}},
journal = {The Journal of Machine Learning Research},
year = {2005},
volume = {6},
pages = {1939--1959}
}

@article{Stachniss:2009bv,
author = {Stachniss, Cyrill and Plagemann, Christian and Lilienthal, Achim J},
title = {{Learning gas distribution models using sparse Gaussian process mixtures}},
journal = {Autonomous Robots},
year = {2009},
volume = {26},
number = {2-3},
pages = {187--202},
month = mar
}

@article{Singh:2010wt,
author = {Singh, Amarjeet and Ramos, Fabio and Whyte, Hugh Durrant and Kaiser, William J},
title = {{Modeling and decision making in spatio-temporal processes for environmental surveillance}},
year = {2010},
pages = {5490--5497}
}

@article{Wang:ia,
author = {Wang, J M and Fleet, D J and Hertzmann, A},
title = {{Gaussian Process Dynamical Models for Human Motion}},
journal = {IEEE Transactions on Pattern Analysis and Machine Intelligence},
volume = {30},
number = {2},
pages = {283--298}
}

@article{Nemhauser:1978vz,
author = {Nemhauser, George L and Wolsey, Laurence A and Fisher, Marshall L},
title = {{An analysis of approximations for maximizing submodular set functions---I}},
journal = {Mathematical Programming},
year = {1978},
volume = {14},
number = {1},
pages = {265--294}
}

@article{Reggente:2009ti,
author = {Reggente, Matteo and Lilienthal, Achim J},
title = {{Using local wind information for gas distribution mapping in outdoor environments with a mobile robot}},
year = {2009},
pages = {1715--1720}
}

@article{Singh:2009vi,
author = {Singh, Amarjeet and Krause, Andreas and Kaiser, William J},
title = {{Nonmyopic Adaptive Informative Path Planning for Multiple Robots.}},
year = {2009},
pages = {1843--1850}
}

@article{Marchant:2012wb,
author = {Marchant, Roman and Ramos, Fabio},
title = {{Bayesian optimisation for Intelligent Environmental Monitoring}},
year = {2012},
pages = {2242--2249}
}

